<?xml version="1.0" encoding="utf-8"?>
<record xmlns="http://www.loc.gov/MARC21/slim" xmlns:xsi="http://www.w3.org/2001/XMLSchema-instance" xsi:schemaLocation="http://www.loc.gov/MARC21/slim http://www.loc.gov/standards/marcxml/schema/MARC21slim.xsd">
	<leader>     nam a22        4500</leader>
	<controlfield tag="001">001685023</controlfield>
	<controlfield tag="003">NNU</controlfield>
	<controlfield tag="006">m        d        </controlfield>
	<controlfield tag="007">cr cn |||m|||a</controlfield>
	<controlfield tag="008">150727s1953    iq      ob    000 0 ara d</controlfield>
	<datafield ind1=" " ind2=" " tag="040">
		<subfield code="a">NNU</subfield>
		<subfield code="b">eng</subfield>
		<subfield code="c">NNU</subfield>
	</datafield>
	<datafield ind1=" " ind2=" " tag="066">
		<subfield code="c">(3</subfield>
	</datafield>
	<datafield ind1=" " ind2=" " tag="090">
		<subfield code="a">JS7499.I73</subfield>
		<subfield code="b">B32</subfield>
	</datafield>
	<datafield ind1="1" ind2=" " tag="100">
		<subfield code="6">880-01</subfield>
		<subfield code="a">ʻAlī, Ṣāliḥ Aḥmad</subfield>
	</datafield>
	<datafield ind1="1" ind2="3" tag="245">
		<subfield code="6">880-02</subfield>
		<subfield code="a">al-Tanẓīmāt al-ijtimāʻīyah wa-al-iqtiṣādīyah fī al-Baṣrah fīal-qarn al-awwal al-Hijrī</subfield>
		<subfield code="h">[electronic resource].</subfield>
	</datafield>
	<datafield ind1=" " ind2=" " tag="260">
		<subfield code="6">880-03</subfield>
		<subfield code="a">Baghdād :</subfield>
		<subfield code="b">Maṭbaʻat al-Maʻārif,</subfield>
		<subfield code="c">1953.</subfield>
	</datafield>
	<datafield ind1=" " ind2=" " tag="300">
		<subfield code="a">online resource (356 p.)</subfield>
	</datafield>
	<datafield ind1=" " ind2=" " tag="500">
		<subfield code="a">Taʻrīb uṭrūḥah ujīzat lil-duktūrāh min Jāmiʻat Uksafūrd.</subfield>
	</datafield>
	<datafield ind1=" " ind2=" " tag="500">
		<subfield code="a">Translation of Early history of Basra, a study of the organization of an Islamic misr (the author's thesis, Oxford University).</subfield>
	</datafield>
	<datafield ind1=" " ind2=" " tag="500">
		<subfield code="a">Part of the Arabic Collections Online (ACO) project, contributed by New York Univeristy Libraries.</subfield>
	</datafield>
	<datafield ind1=" " ind2=" " tag="504">
		<subfield code="a">Bibliography: p. 335-350.</subfield>
	</datafield>
	<datafield ind1=" " ind2=" " tag="533">
		<subfield code="a">Electronic reproduction.</subfield>
		<subfield code="b">New York, N.Y. :</subfield>
		<subfield code="c">New York University,</subfield>
		<subfield code="d">2015.</subfield>
		<subfield code="5">NNU</subfield>
	</datafield>
	<datafield ind1=" " ind2="0" tag="651">
		<subfield code="a">Baṣrah (Iraq)</subfield>
		<subfield code="x">History.</subfield>
	</datafield>
	<datafield ind1="2" ind2=" " tag="710">
		<subfield code="a">New York University.</subfield>
		<subfield code="b">Libraries.</subfield>
	</datafield>
	<datafield ind1="0" ind2=" " tag="730">
		<subfield code="a">Arabic Collections Online.</subfield>
	</datafield>
	<datafield ind1="0" ind2="8" tag="776">
		<subfield code="i">Print version:</subfield>
		<subfield code="a">ʻAlī, Ṣāliḥ Aḥmad 880-01</subfield>
		<subfield code="t">al-Tanẓīmāt al-ijtimāʻīyah wa-al-iqtiṣādīyah fī al-Baṣrah fīal-qarn al-awwal al-Hijrī</subfield>
		<subfield code="w">(NNU)001685023</subfield>
	</datafield>
	<datafield ind1="4" ind2="0" tag="856">
		<subfield code="u">http://hdl.handle.net/2333.1/tdz08pbg</subfield>
	</datafield>
	<datafield ind1="1" ind2=" " tag="880">
		<subfield code="6">100-01/</subfield>
		<subfield code="a">على، صالح أحمد،</subfield>
		<subfield code="d">1918-</subfield>
	</datafield>
	<datafield ind1="1" ind2="2" tag="880">
		<subfield code="6">245-02/</subfield>
		<subfield code="a">التنظيمات الاجتماعية والاقتصادية فى البصرة فى القرن الاول الهجرى.</subfield>
	</datafield>
	<datafield ind1=" " ind2=" " tag="880">
		<subfield code="6">260-03/</subfield>
		<subfield code="a">بغداد ؛</subfield>
		<subfield code="b">مطبعة المعارف،</subfield>
		<subfield code="c">1953.</subfield>
	</datafield>
	<datafield ind1=" " ind2=" " tag="959">
		<subfield code="a">NNU</subfield>
		<subfield code="b">WEB</subfield>
		<subfield code="c">GENI</subfield>
		<subfield code="t">0</subfield>
		<subfield code="m">Electronic access</subfield>
		<subfield code="s">01</subfield>
	</datafield>
	<datafield ind1=" " ind2=" " tag="999">
		<subfield code="i">NNU_001685023</subfield>
		<subfield code="s">nyu_aco001170</subfield>
	</datafield>
</record>
